<?xml version = "1.0" encoding = "UTF-8"?><OAI-PMH xmlns="http://www.openarchives.org/OAI/2.0/" xmlns:xsi="http://www.w3.org/2001/XMLSchema-instance" xsi:schemaLocation="http://www.openarchives.org/OAI/2.0/ http://www.openarchives.org/OAI/2.0/OAI-PMH.xsd"><ListRecords><record><header><identifier>aleph-publish:007553865</identifier></header><metadata><record xmlns="http://www.ddb.de/professionell/mabxml/mabxml-1.xsd"><leader>00515vM2.01200024------h</leader><controlfield tag="LDR">00515vM2.01200024------h</controlfield><controlfield tag="FMT">MH</controlfield><datafield tag="001" ind1="-" ind2="1"><subfield code="a">HT003184116</subfield></datafield><datafield tag="002" ind1="a" ind2="1"><subfield code="a">19881006</subfield></datafield><datafield tag="003" ind1="-" ind2="1"><subfield code="a">20210408025522.0</subfield></datafield><datafield tag="025" ind1="o" ind2="1"><subfield code="a">1072108532</subfield></datafield><controlfield tag="030">a|1uc||||||17</controlfield><datafield tag="036" ind1="a" ind2="1"><subfield code="a">US</subfield></datafield><controlfield tag="050">a|||||||||||||</controlfield><controlfield tag="051">s|||||||</controlfield><datafield tag="070" ind1="-" ind2="1"><subfield code="a">38 M</subfield></datafield><datafield tag="080" ind1="-" ind2="1"><subfield code="a">60</subfield></datafield><datafield tag="100" ind1="-" ind2="1"><subfield code="p">Falkel, Jeffrey E.</subfield></datafield><datafield tag="104" ind1="a" ind2="1"><subfield code="p">Murphy, Timothy C.</subfield></datafield><datafield tag="331" ind1="-" ind2="1"><subfield code="a">Shoulder injuries</subfield></datafield><datafield tag="359" ind1="-" ind2="1"><subfield code="a">Jeffrey E. Falkel ; Timothy C. Murphy</subfield></datafield><datafield tag="410" ind1="-" ind2="1"><subfield code="a">Baltimore [u.a.]</subfield></datafield><datafield tag="412" ind1="-" ind2="1"><subfield code="a">Williams &amp; Wilkins</subfield></datafield><datafield tag="425" ind1="a" ind2="1"><subfield code="a">1988</subfield></datafield><datafield tag="433" ind1="-" ind2="1"><subfield code="a">XI, 131 S. : zahlr. Ill., graph. Darst.</subfield></datafield><datafield tag="451" ind1="-" ind2="1"><subfield code="a">Sports injury management ; 1,2</subfield></datafield><datafield tag="453" ind1="-" ind2="1"><subfield code="a">HT003184101</subfield></datafield><datafield tag="455" ind1="-" ind2="1"><subfield code="a">1,2</subfield></datafield><datafield tag="456" ind1="-" ind2="1"><subfield code="a">1,2</subfield></datafield><datafield tag="540" ind1="a" ind2="1"><subfield code="a">0-683-07862-3</subfield></datafield><datafield tag="711" ind1="a" ind2="1"><subfield code="a">Shoulder</subfield><subfield code="a">injuries</subfield><subfield code="x">MeSH</subfield></datafield><datafield tag="902" ind1="-" ind2="1"><subfield code="s">Schultergelenkverletzung</subfield><subfield code="9">(DE-588)4053565-4</subfield></datafield><datafield tag="902" ind1="-" ind2="1"><subfield code="s">Rehabilitation</subfield><subfield code="9">(DE-588)4049078-6</subfield></datafield><datafield tag="903" ind1="-" ind2="1"><subfield code="a">21</subfield></datafield><datafield tag="907" ind1="-" ind2="1"><subfield code="s">Sportverletzung</subfield><subfield code="9">(DE-588)4056436-8</subfield></datafield><datafield tag="907" ind1="-" ind2="1"><subfield code="s">Therapie</subfield><subfield code="9">(DE-588)4059798-2</subfield></datafield><datafield tag="908" ind1="-" ind2="1"><subfield code="a">21</subfield></datafield><controlfield tag="SYS">007553865</controlfield><datafield tag="LOW" ind1="-" ind2="1"><subfield code="a">KM001</subfield></datafield><datafield tag="952" ind1="-" ind2="1"><subfield code="s">Schulterverletzung</subfield></datafield><datafield tag="952" ind1="-" ind2="1"><subfield code="s">Rehabilitierung</subfield></datafield><datafield tag="957" ind1="-" ind2="1"><subfield code="s">Medizinische Behandlung</subfield></datafield><datafield tag="957" ind1="-" ind2="1"><subfield code="s">Behandlung</subfield><subfield code="x">Medizin</subfield></datafield><datafield tag="957" ind1="-" ind2="1"><subfield code="s">Krankenbehandlung</subfield></datafield><datafield tag="088" ind1=" " ind2=" "><subfield code="a">38 M</subfield><subfield code="b">00000010</subfield><subfield code="c">Se 1116 -1,2-</subfield><subfield code="e">keine ILL</subfield></datafield><datafield tag="088" ind1=" " ind2=" "><subfield code="a">466</subfield><subfield code="c">KRH1645</subfield><subfield code="e">keine Angabe</subfield></datafield><datafield tag="088" ind1=" " ind2=" "><subfield code="a">Kn 41</subfield><subfield code="b">M</subfield><subfield code="c">91/588</subfield><subfield code="e">ausleihbar/M</subfield></datafield><datafield tag="700" ind1="h" ind2="9"><subfield code="a">3 Med 425</subfield><subfield code="2">KP001</subfield></datafield><datafield tag="700" ind1=" " ind2="9"><subfield code="a">I 46 F</subfield><subfield code="2">KP001</subfield></datafield></record></metadata></record></ListRecords></OAI-PMH>